\usepackage{url}

@book{JaronLanier,
title = {Dez Argumentos Para Você Deletar Agora Suas Redes Sociais},
author = {Lanier, Jaron},
year = {2018},
publisher = {Intrínseca}
}

@misc{BBC,
organization = {BBC},
title = {Social media apps are 'deliberately' addictive to users},
year = {2018},
url = {https://www.bbc.com/news/technology-44640959}
}

@misc{Kitchenham,
title = {Procedures for Performing Systematic Reviews},
author = {Barbara Kitchenham},
year = {2004}
}

@techreport{WHO,
author = {World Health Organization},
title = {Depression and other common mental disorders: global health estimates},
year = {2017},
pages = {24 p.},
publisher = {World Health Organization)},
type = {Technical documents}
}

@misc{CMD,
organization = {World Health Organization (WHO)},
title = {Mental disorders},
year = {2019},
url = {https://www.who.int/news-room/fact-sheets/detail/mental-disorders}
}

@misc{RSPH,
organization = {Royal Society for Public Health (RSPH)},
title = {Social media and young people's mental health and wellbeing},
year = {2017},
url = {https://www.rsph.org.uk/static/uploaded/d125b27c-0b62-41c5-a2c0155a8887cd01.pdf}
}

@article{JAMA,
author = {Boers, Elroy and Afzali, Mohammad H. and Newton, Nicola and Conrod, Patricia},
title = "{Association of Screen Time and Depression in Adolescence}",
journal = {JAMA Pediatrics},
volume = {173},
number = {9},
pages = {853-859},
year = {2019},
doi = {https://doi.org/10.1001/jamapediatrics.2019.1759}
}

@article{Derogatis,
title = {The Brief Symptom Inventory: an introductory report},
volume = {13},
DOI = {10.1017/S0033291700048017},
number = {3},
journal = {Psychological Medicine},
publisher = {Cambridge University Press},
author = {Derogatis, Leonard R. and Melisaratos, Nick},
year = {1983},
pages={595–605}
}

@book{Rosenberg,
ISBN = {9780691093352},
URL = {http://www.jstor.org/stable/j.ctt183pjjh},
author = {MORRIS ROSENBERG},
publisher = {Princeton University Press},
title = {Society and the Adolescent Self-Image},
year = {1965}
}

@article{ArtigoN1,
author = {Mario Ezra Aragon and A. Pastor Lopez-Monroy and Luis C. Gonzalez-Gurrola and Manuel Montes-y-Gomez},
title = {Detecting Depression in Social Media using Fine-Grained Emotions},
journal = {Proceedings of NAACL-HLT},
pages = {1481-–1486},
year = {2019},
doi = {https://www.aclweb.org/anthology/N19-1151.pdf}
}

@Article{ArtigoN2,
AUTHOR = {Li, Diya and Chaudhary, Harshita and Zhang, Zhe},
TITLE = {Modeling Spatiotemporal Pattern of Depressive Symptoms Caused by COVID-19 Using Social Media Data Mining},
JOURNAL = {International Journal of Environmental Research and Public Health},
VOLUME = {17},
YEAR = {2020},
NUMBER = {14},
ARTICLE-NUMBER = {4988},
URL = {https://www.mdpi.com/1660-4601/17/14/4988},
PubMedID = {32664388},
ISSN = {1660-4601},
DOI = {10.3390/ijerph17144988}
}

@article{ArtigoN3,
title = {SentiNeural: A Depression Clustering Technique for Egyptian Women Sentiments},
journal = {International Journal of Advanced Computer Science and Applications},
doi = {10.14569/IJACSA.2019.0100572},
url = {http://dx.doi.org/10.14569/IJACSA.2019.0100572},
year = {2019},
publisher = {The Science and Information Organization},
volume = {10},
number = {5},
author = {Doaa Mohey ElDin and Mohamed Hamed N. Taha and Nour Eldeen M. Khalifa}
}

@article{ArtigoN4,
title = {An analysis of mental health of social media users using unsupervised approach},
journal = {Computers in Human Behavior Reports},
volume = {2},
pages = {100036},
year = {2020},
issn = {2451-9588},
doi = {https://doi.org/10.1016/j.chbr.2020.100036},
url = {https://www.sciencedirect.com/science/article/pii/S2451958820300361},
author = {Deepali Joshi and Dr.Manasi Patwardhan},
}

@article{ArtigoN5,
author={Grant, Reilly N. and Kucher, David and Le{\'o}n, Ana M. and Gemmell, Jonathan F. and Raicu, Daniela S. and Fodeh, Samah J.},
title={Automatic extraction of informal topics from online suicidal ideation},
journal={BMC Bioinformatics},
year={2018},
volume={19},
number={8},
pages={211},
issn={1471-2105},
doi={10.1186/s12859-018-2197-z},
url={https://doi.org/10.1186/s12859-018-2197-z}
}

@inproceedings{ArtigoN6,
title={INAOE-CIMAT at eRisk 2020: Detecting Signs of Self-Harm using Sub-Emotions and Words},
author={M. Arag{\'o}n and A. P. L{\'o}pez-Monroy and M. Montes-y-G{\'o}mez},
booktitle={CLEF},
year={2020}
}

@article{ArtigoN7,
author = {Chaudhary, Lipisha and Prasad, Ishika},
year = {2029},
title = {Descriptive Analysis of Suicide Ideation on Twitter},
doi = {10.13140/RG.2.2.36595.27685}
}

@article{ArtigoN8,
title = {UnB Sense: a web application to probe for signs of depression from user profiles on social media},
author = {VON SPERLING and Otto Kristian},
year = {2019},
url = {https://bdm.unb.br/handle/10483/26502}
}

@article{ArtigoN9,
title = {A data mining tool for the detection of suicide in social networks},
author = {Bensaoucha, Yassine},
year = {2017},
url = {http://dspace.univ-msila.dz:8080//xmlui/handle/123456789/2208}
}

@inproceedings{ArtigoN10,
title = {Detection of Mental Health from {R}eddit via Deep Contextualized Representations},
author = {Jiang, Zhengping  and Levitan, Sarah Ita  and Zomick, Jonathan  and Hirschberg, Julia},
booktitle = {Proceedings of the 11th International Workshop on Health Text Mining and Information Analysis},
year = {2020},
address = {Online},
publisher = {Association for Computational Linguistics},
url = {https://www.aclweb.org/anthology/2020.louhi-1.16},
doi = {10.18653/v1/2020.louhi-1.16},
pages = {147--156}
}

@article{ArtigoN11,
author={Dao, Bo and Nguyen, Thin and Venkatesh, Svetha and Phung, Dinh},
title={Latent sentiment topic modelling and nonparametric discovery of online mental health-related communities},
journal={International Journal of Data Science and Analytics},
year={2017},
volume={4},
number={3},
pages={209-231},
issn={2364-4168},
doi={10.1007/s41060-017-0073-y},
url={https://doi.org/10.1007/s41060-017-0073-y}
}

@article{ArtigoN12,
author = {Saha, Koustuv and Chan, Larry and De Barbaro, Kaya and Abowd, Gregory D. and De Choudhury, Munmun},
title = {Inferring Mood Instability on Social Media by Leveraging Ecological Momentary Assessments},
year = {2017},
publisher = {Association for Computing Machinery},
volume = {1},
number = {3},
url = {https://doi.org/10.1145/3130960},
doi = {10.1145/3130960},
journal = {Proc. ACM Interact. Mob. Wearable Ubiquitous Technol.},
articleno = {95},
numpages = {27},
}